@misc{example-reference,
    author    = "L. Masinter",
    title     = "Hyper Text Coffee Pot Control Protocol (HTCPCP/1.0)",
    url       = "https://tools.ietf.org/html/rfc2324",
    note      = "[Accessed: 24-05-2019]"
}

#Different info
@misc{ digitalization_index,
  title = "Global industry digitisation index, McKinsey Global Institute ",
  url = "https://www.ubakus.de/u-wert-rechner/",
  note = "[Online; 17. 2024]"
}


#Building physics literature
@thesis{kalamees_phd,
    author    = {Targo Kalamees},
    title     = {Niiskus- ja soojuslikud kriteeriumid hoonete projekteerimiseks ja simulatsiooniks. Doktoritöö},
    year      = {2012},
    note      = "[Online; loetud 29. veebruar 2024]"
}
@thesis{ rokka_hygrothermal,
  author      = {Roland Rokka},
  title       = {Jäiga plastvahust soojustusega puitsõrestiktarindite soojus- ja niiskustehniline toimivus. Magistritöö},
  year        = {2020},
  note        = "[Online; loetud 28. veebruar 2024]"
}
@thesis{cukkere_hygrotherm,
  author      = {Laura Cukkere},
  title       = {Ristkihtliimpuidust välisseinte välimõõtmised ja hügrotermilise jõudluse modeleerimine. Magistritöö},
  year        = {2019},
  note        = "[Online; loetud 25. veebruar 2024]"
}
@thesis{piir_sw_walls,
  author      = {Reimo Piir},
  title       = {Kolmekihiliste raudbetoonist seinaelementide soojustuse vuukide soojuslik toimivus. Magistritöö},
  year        = {2019},
  note        = "[Online; loetud 25. veebruar 2024]"
}
@book{building_physics_abc,   
    author    = {Tiit Masso},   
    year      = {2012},   
    title     = {Ehitusfüüsika ABC},   
    publisher = {Ehitame-Kirjastus}
}
@book{ehituskonstruktor,   
    author    = {Jaan Rohusaar and Rein Mägi and Tiit Masso and Ivar Talvik and Valdo Jaaniso and Vello Otsmaa and Väino Voltri and Kalju Loorits  and Tõnu Peipmann and Otto Pukk and Vassil Hartsuk},
    year      = {2010},   
    title     = {Ehituskonstruktori käsiraamat},   
    publisher = {Ehitame-Kirjastus}
}
@book{majavammist,   
    author    = {Kalle Pilt},
    year      = {2022},   
    title     = {Majavammist - puust ja pubasejs},   
    publisher = {SA Eesti Mükoloogiauuringute Keskus}
}
@techreport{iso_13788,
  type        = {Standard},
  key         = {EVS-EN ISO 13788:2012},
  month       = {jan},
  year        = {2012},
  title       = {Hygrothermal performance of building components and building elements  Internal surface temperature to avoid critical surface humidity and interstitial condensation Calculation methods},
  institution = {Estonian Centre for Standardisation}
}
@misc{energia_miinimum,
    title     = {Hoone energiatõhususe miinimumnõuded. Ettevõtlus- ja infotehnoloogiaministri määrus nr 63, vastu võetud 11.12.2018},
    year      = {2018},
    url       = {https://www.riigiteataja.ee/akt/113122018014},
    note      = "[Online; loetud 27. veebruar 2024]" 
}
@misc{ kohtla_koolimaja_uuring,
    author    = {Paul Klõšeiko and Endrik Arumägi and Targo Kalamees},
    title     = {Muinsuskaitse all oleva koolimaja tellistest välisseina seespoolse lisasoojustuse soojusja niiskustehnilise toimivuse uuring},
    year      = {2013},
    url       = {https://kliimaministeerium.ee/elukeskkond-ringmajandus/ehituse-ja-elamumajanduse-analuusid-ja-uuringud},
    note      = "[Online; loetud 27. veebruar 2024]" 
}


## URLs of existing solutions
@misc{ ubakus,
  title       = {U-Bakus: U-Wert, Feuchteschutz, Hitzeschutz},
  url         = {https://www.ubakus.de/u-wert-rechner/},
  note        = "[Online; loetud 14. veebruar 2024]" 
}
@misc{ glasta,
  title       = {GLASTA: condensation control | Physibel},
  url         = {https://www.physibel.be/en/products/glasta},
  note        = "[Online; loetud 14. veebruar 2024]"
}
@misc{ delphin,
  title       = {Delpin - Simulation program for the calculation of coupled heat, moisture, air, pollutant, and salt transport},
  url         = {https://bauklimatik-dresden.de/delphin/index.php?aLa=en},
  note        = "[Online; loetud 14. veebruar 2024]"
}



## IT 

@book{ lean_startup_book,   
    author    = {Eric Nies},   
    year      = {2011},   
    title     = {The Lean Startup: How Today's Entrepreneurs Use Continuous Innovation to Create Radically Successful},   
    publisher = {Crown Currency}
}
@book{ software_architecture,   
    author    = {Neal Ford and Mark Richards and Pramod Sadalage and Zhamak Dehghani},   
    year      = {2021},   
    title     = {Software Architecture: The Hard Parts. Modern trade-off analyses for distributed architectures},   
    publisher = {O'Reilly Media Inc.}
}

@misc{ guid_definition,
  author      = {{Alexander S. Gillis}},
  title       = {GUID (global unique identifier)},
  year        = {2021},
  url         = {https://www.techtarget.com/searchwindowsserver/definition/GUID-global-unique-identifier},
  note        = "[Online; loetud 10. veebruar 2024]"
}

@misc{ about_rest,
  author      = {{Codecademy Team}},
  title       = {What is REST},
  url         = "https://www.codecademy.com/article/what-is-rest",
  note        = "[Online; loetud 10. veebruar 2024]"
}

@misc{ about_spa,
  author      = {{Codecademy Team}},
  title       = {What is a SPA?},
  url         = {https://www.codecademy.com/article/fecp-what-is-a-spa},
  note        = "[Online; loetud 10. veebruar 2024]"
}

@misc{ about_typescript,
  author      = {{Krzysztof Kęsy}},
  title       = {What Is TypeScript? Pros and Cons of TypeScript vs. JavaScript},
  url         = {https://www.stxnext.com/blog/typescript-pros-cons-javascript/},
  note        = "[Online; loetud 11. veebruar 2024]"
}


@inproceedings{spectre,
 author = {Paul Kocher and Jann Horn and Anders Fogh and Daniel Genkin and Daniel Gruss and Werner Haas and Mike Hamburg and Moritz Lipp and Stefan Mangard and Thomas Prescher and Michael Schwarz and Yuval Yarom},
 title = {Spectre Attacks: Exploiting Speculative Execution},
 booktitle = {40th IEEE Symposium on Security and Privacy (S\&P'19)},
 year = {2019},
}
